% This is an example of a book. By putting the title in {{ double brackets,
% capitalisation is preserved.

@book{davies08,
  title={{The Welsh Academy Encyclopaedia of Wales}},
  author={John Davies and Nigel Jenkins and Baines Menna and Peredur I. Lynch},
  year={2008},
  publisher={Cardiff: University of Wales Press}
}


